@article{lowengrub2016numerical,
  title={Numerical simulation of endocytosis: viscous flow driven by membranes with non-uniformly distributed curvature-inducing molecules},
  author={Lowengrub, John and Allard, Jun and Aland, Sebastian},
  journal={Journal of computational physics},
  volume={309},
  pages={112--128},
  year={2016},
  publisher={Elsevier}
}
